<?xml version="1.0" encoding="UTF-8"?><collection xmlns="http://www.loc.gov/MARC21/slim"><record><leader>00357nam--2200133-i-4500</leader><controlfield tag="001">000040375</controlfield><controlfield tag="002">20161230</controlfield><controlfield tag="005">20161230201042</controlfield><controlfield tag="008">060222s1000------------r-----000-0-eng-d</controlfield><datafield ind1=" " ind2=" " tag="080"><subfield code="a">621.039.7</subfield></datafield><datafield ind1=" " ind2=" " tag="100"><subfield code="a">Saunders,P.A.H</subfield></datafield><datafield ind1=" " ind2=" " tag="245"><subfield code="a">The management of radioactive wastes</subfield></datafield><datafield ind1=" " ind2=" " tag="260"><subfield code="a">Harwell, United Kingdom Atomic Energy Authorizy, 1985. 35 P</subfield></datafield><datafield ind1=" " ind2=" " tag="852"><subfield code="a">74292</subfield></datafield></record></collection>